00570cas a22002293  4500
001 9917735583502836
003 Nz
005 20210401183021.0
008 990929d18941900nz i||ne      |   b eng d
035    $a 47253
035    $a (Nz)5095131
035    $a (OCoLC)173365488
035    $a (NLNZils)1773558-ilsdb
040    $a WN $c WN
042    $a nznb
043    $a u-nz---
245 00 $a Hawera morning post.
260    $a Hawera [N.Z.]
310    $a Three no. a week
362 0  $a 1894 Oct.20-1900?
651  0 $a Hawera (N.Z.) $v Newspapers.
655  7 $a New Zealand newspapers. $2 local $5 Nz
